@article{turing1950computing,
  title={Computing machinery and intelligence},
  author={Turing, Alan M},
  journal={Mind},
  pages={433--460},
  year={1950},
  publisher={JSTOR}
}
@article{shieber2007turing,
  title={The Turing test as interactive proof},
  author={Shieber, Stuart M},
  journal={No{\^u}s},
  volume={41},
  number={4},
  pages={686--713},
  year={2007},
  publisher={Wiley Online Library}
}
@article{searle1980minds,
  title={Minds, brains, and programs},
  author={Searle, John R},
  journal={Behavioral and brain sciences},
  volume={3},
  number={03},
  pages={417--424},
  year={1980},
  publisher={Cambridge Univ Press}
}
@article{moor1976analysis,
  title={An analysis of the Turing test},
  author={Moor, James H},
  journal={Philosophical Studies},
  volume={30},
  number={4},
  pages={249--257},
  year={1976},
  publisher={Springer}
}
@article{moor2001status,
  title={The status and future of the Turing test},
  author={Moor, James H},
  journal={Minds and Machines},
  volume={11},
  number={1},
  pages={77--93},
  year={2001},
  publisher={Springer}
}
@inproceedings{hayes1995turing,
  title={Turing test considered harmful},
  author={Hayes, Patrick and Ford, Kenneth},
  booktitle={IJCAI (1)},
  pages={972--977},
  year={1995}
}
@article{cullen2009imitation,
  title={Imitation versus communication: Testing for human-like intelligence},
  author={Cullen, Jamie},
  journal={Minds and Machines},
  volume={19},
  number={2},
  pages={237--254},
  year={2009},
  publisher={Springer}
}
@article{weizenbaum1966eliza,
  title={ELIZAâ€”a computer program for the study of natural language communication between man and machine},
  author={Weizenbaum, Joseph},
  journal={Communications of the ACM},
  volume={9},
  number={1},
  pages={36--45},
  year={1966},
  publisher={ACM}
}
@article{shieber1994lessons,
  title={Lessons from a restricted Turing test},
  author={Shieber, Stuart M},
  journal={arXiv preprint cmp-lg/9404002},
  year={1994}
}
@article{lupkowski2011turing,
  title={Turing interrogative games},
  author={{\L}upkowski, Pawe{\l} and Wi{\'s}niewski, Andrzej},
  journal={Minds and Machines},
  volume={21},
  number={3},
  pages={435--448},
  year={2011},
  publisher={Springer}
}
@article{bradford1995formalization,
  title={A formalization of the Turing Test},
  author={Bradford, Phillip G and Wollowski, Michael},
  journal={ACM SIGART Bulletin},
  volume={6},
  number={4},
  pages={3--10},
  year={1995},
  publisher={ACM}
}
@article{riedl2014lovelace,
  title={The Lovelace 2.0 Test of Artificial Creativity and Intelligence},
  author={Riedl, Mark O},
  journal={arXiv preprint arXiv:1410.6142},
  year={2014}
}
@article{marcus2014comes,
  title={What comes after the Turing Test?},
  author={Marcus, G},
  journal={New Yorker},
  year={2014}
}
@inproceedings{levesque2012winograd,
  title={The Winograd schema challenge.},
  author={Levesque, Hector J and Davis, Ernest and Morgenstern, Leora},
  booktitle={KR},
  year={2012}
}
@article{levesque2009enough,
  title={Is it enough to get the behaviour right},
  author={Levesque, Hector J},
  journal={Proc. of IJCAI-09, Pasadena, CA},
  year={2009}
}
@article{cohen2005if,
  title={If not Turing's test, then what?},
  author={Cohen, Paul R},
  journal={AI magazine},
  volume={26},
  number={4},
  pages={61},
  year={2005}
}
@article{keener1993perron,
  title={The Perron-Frobenius theorem and the ranking of football teams},
  author={Keener, James P},
  journal={SIAM review},
  volume={35},
  number={1},
  pages={80--93},
  year={1993},
  publisher={SIAM}
}
@article{hastie1998classification,
  title={Classification by pairwise coupling},
  author={Hastie, Trevor and Tibshirani, Robert and others},
  journal={The annals of statistics},
  volume={26},
  number={2},
  pages={451--471},
  year={1998},
  publisher={Institute of Mathematical Statistics}
}
@article{glickman1999rating,
  title={Rating the chess rating system},
  author={Glickman, Mark E and Jones, Albyn C},
  journal={CHANCE-BERLIN THEN NEW YORK-},
  volume={12},
  pages={21--28},
  year={1999},
  publisher={SPRINGER INTERNATIONAL}
}
@article{bradley1952rank,
  title={RANK ANALYSIS OF INCOMPLETE BLOCK DESIGNS THE METHOD OF PAIRED COMPARISONS},
  author={Bradley, Ralph Allan and Terry, Milton E},
  journal={Biometrika},
  volume={39},
  number={3-4},
  pages={324--345},
  year={1952},
  publisher={Biometrika Trust}
}
@inproceedings{valizadegan2009learning,
  title={Learning to rank by optimizing ndcg measure},
  author={Valizadegan, Hamed and Jin, Rong and Zhang, Ruofei and Mao, Jianchang},
  booktitle={Advances in neural information processing systems},
  pages={1883--1891},
  year={2009}
}
@inproceedings{chapelle2011yahoo,
  title={Yahoo! Learning to Rank Challenge Overview.},
  author={Chapelle, Olivier and Chang, Yi},
  booktitle={Yahoo! Learning to Rank Challenge},
  pages={1--24},
  year={2011}
}
@inproceedings{cao2007learning,
  title={Learning to rank: from pairwise approach to listwise approach},
  author={Cao, Zhe and Qin, Tao and Liu, Tie-Yan and Tsai, Ming-Feng and Li, Hang},
  booktitle={Proceedings of the 24th international conference on Machine learning},
  pages={129--136},
  year={2007},
  organization={ACM}
}
@article{schroeder2004application,
  title={The application and administration of inducement prizes in technology},
  author={Schroeder, Alex},
  journal={Independence Institute Research Paper},
  year={2004}
}
@book{elo1978rating,
  title={The rating of chessplayers, past and present},
  author={Elo, Arpad E},
  year={1978},
  publisher={Arco Pub.}
}
@book{shieber2004turing,
  title={The Turing test: verbal behavior as the hallmark of intelligence},
  author={Shieber, Stuart M},
  year={2004},
  publisher={Mit Press}
}